
@BOOK{Renfrew2013-kx,
  title     = "The second atlas of breeding birds in Vermont",
  author    = "Renfrew, R R",
  publisher = "University Press of New England",
  year      =  2013,
  address   = "Lebanon, NH"
}

@ARTICLE{Gosselin1988-vk,
  title   = "Quebec region",
  author  = "Gosselin, M and Yank, R and Aubry, Y",
  journal = "American Birds",
  volume  =  42,
  pages   = "1270--1272",
  year    =  1988
}

@BOOK{Sibley2000-rs,
  title     = "The Sibley Guide to Birds",
  author    = "Sibley, D A",
  publisher = "Alfred A Knopf, Inc.",
  year      =  2000,
  address   = "New York"
}

@BOOK{Keith2013-gt,
  title     = "The birds of New Hampshire",
  author    = "Keith, A R and Fox, R P",
  publisher = "Nuttall Ornithological Club",
  year      =  2013,
  address   = "Cambridge, MA"
}

@MISC{Weckstein2002-px,
  title        = "Fox Sparrow (Passerella iliaca), version 2.0",
  booktitle    = "he Birds of North America (A. F. Poole and F. B. Gill,
                  Editors). Cornell Lab of Ornithology, Ithaca, {NY}, {USA}.",
  author       = "Weckstein, J D and Kroodsma, D E and Faucett, R C",
  year         =  2002,
  howpublished = "\url{https://doi.org/10.2173/bna.715}"
}

@ARTICLE{King2008-qx,
  title     = "Avian population trends in the vulnerable montane forests of the
               Northern Appalachians, {USA}",
  author    = "King, David I and Lambert, J Daniel and Buonaccorsi, John P and
               Prout, Leighlan S",
  journal   = "Biodiversity Conservation",
  publisher = "Springer",
  volume    =  17,
  number    =  11,
  pages     = "2691--2700",
  month     =  oct,
  year      =  2008
}

@BOOK{Samuels1875-jo,
  title     = "The Birds of New England and adjacent states",
  author    = "Samuels, E A",
  publisher = "Lockwood, Brooks, and Company",
  year      =  1875,
  address   = "Boston, MA"
}

% The entry below contains non-ASCII chars that could not be converted
% to a LaTeX equivalent.
@BOOK{Wright1911-ws,
  title     = "The birds of the Jefferson region in the White Mountains, New
               Hampshire",
  author    = "Wright, Horace Winslow",
  publisher = "Manchester Institute of Arts and Sciences",
  year      =  1911,
  address   = "Manchester, NH"
}

@BOOK{Marshall2003-om,
  title     = "Birds of Oregon: a general reference",
  author    = "Marshall, David B and Hunter, Matthew G and Contreras, Alan",
  publisher = "Oregon State University Press",
  year      =  2003,
  address   = "Corvallis, OR"
}

@BOOK{Foss1994-nl,
  title     = "Atlas of Breeding Birds in New Hampshire",
  author    = "Foss, C R",
  publisher = "Audubon Society of New Hampshire",
  year      =  1994,
  address   = "Concord, NH"
}

@INCOLLECTION{Stewart2015-id,
  title     = "Fox Sparrow",
  booktitle = "Second atlas of breeding birds of the Maritime Provinces",
  author    = "Stewart, Rebecca",
  editor    = "Stewart, Rebecca L M and Bredin, Katherine A and Couturier,
               Andrew R and Horn, Andrew G and Lepage, Denis and Makepeace,
               Scott and Taylor, Philip D and Villard, Marc-Andr{\'e} and
               Whittam, Rebecca M",
  publisher = "Bird Studies Canada, Environment Canada, Natural History Society
               of Prince Edward Island, Nature New Brunswick, New Brunswick
               Department of Natural Resources, Nova Scotia Bird Society, Nova
               Scotia Department of Natural Resources, Prince Edward Island
               Department of Agriculture and Forestry",
  pages     = "472--473",
  year      =  2015,
  address   = "Sackville, NB"
}

@BOOK{Adamus1988-xw,
  title     = "Atlas of Breeding Birds in Maine",
  author    = "Adamus, P R",
  publisher = "Maine Department of Inland Fisheries and Wildlife",
  year      =  1988,
  address   = "Augusta, Maine"
}

@ARTICLE{Petersen1999-kb,
  title   = "New England region",
  author  = "Petersen, W R",
  journal = "American Birds",
  volume  =  53,
  pages   = "363--366",
  year    =  1999
}

@ARTICLE{Petersen1993-kb,
  title   = "New England region",
  author  = "Petersen, W R",
  journal = "American Birds",
  volume  =  47,
  pages   = "1088-1091",
  year    =  1993
}

@ARTICLE{Palmer1949-ig,
  title     = "Maine birds",
  author    = "Palmer, R S",
  journal   = "Bull. Mus. Comp. Zool.",
  publisher = "The Museum",
  volume    =  102,
  pages     = "1--656",
  year      =  1949
}

@BOOK{Forbush1929-pq,
  title     = "Birds of Massachusetts and other New England states",
  author    = "Forbush, E H",
  publisher = "Norwood Press",
  year      =  1929,
  address   = "Norwood, MA"
}

@BOOK{Andrle1988-jk,
  title     = "The atlas of breeding birds in New York State",
  author    = "Andrle, R F and Carroll, J R",
  publisher = "Cornell University Press",
  year      =  1988,
  address   = "Ithaca, New York"
}

@ARTICLE{R_Core_Team2018-cc,
  title    = "R: A language and environment for statistical computing",
  author   = "{R Core Team}",
  abstract = "R Development Core Team (2011). R: A language and environment for
              statistical computing. R Foundation for Statistical Computing,
              Vienna, Austria. ISBN 3-900051-07-0, URL
              http://www.R-project.org/.",
  journal  = "R Foundation for Statistical Computing, Vienna, Austria",
  pages    = "URL http://www.R--project.org/.",
  year     =  2018,
  keywords = "Mendeley Import (Mar 07)"
}

@BOOK{McGowan2008-em,
  title     = "The second atlas of breeding birds in New York State",
  author    = "McGowan, K J and Corwin, K",
  publisher = "Cornell University Press",
  year      =  2008,
  address   = "Ithaca, NY"
}

@MISC{Environment_and_Climate_Change_Canada2017-hp,
  title        = "North American Breeding Bird Survey - Canadian Trends
                  Website, Data-version 2015",
  author       = "{Environment and Climate Change Canada}",
  year         =  2017,
  howpublished = "\url{https://wildlife-species.canada.ca/breeding-bird-survey-results}"
}

% The entry below contains non-ASCII chars that could not be converted
% to a LaTeX equivalent.
@BOOK{Allen1903-xq,
  title     = "A list of the birds of New Hampshire",
  author    = "Allen, Glover Morrill",
  abstract  = "In the following pages an attempt has been made to bring
               together a list of the species of birds known to have occurred
               within the State of New Hampshire during historic times,
               together with a general account of their distribution, faunal
               position, times of migration, and …",
  publisher = "Nature Study Press",
  year      =  1903,
  address   = "Manchester, NH"
}

@BOOK{Fink2017-om,
  title     = "The eBird Reference Dataset, Version 2016",
  author    = "Fink, D and Auer, T and Obregon, F and Hochacka, W and Iliff, M
               and Sullivan, B and Wood, C and Davies, I and Kelling, S",
  publisher = "Cornell Lab of Ornithology",
  year      =  2017,
  address   = "Ithaca, NY"
}

% The entry below contains non-ASCII chars that could not be converted
% to a LaTeX equivalent.
@ARTICLE{Banks1970-rh,
  title     = "The fox sparrow on the west slope of the Oregon Cascades",
  author    = "Banks, R C",
  abstract  = "Fox Sparrows, Passerella iliuca, of three subspecies breed in
               the state of Oregon (Gabrielson and Jewett, Birds of Oregon.
               Oregon State Monogr. 2: 586, 1949). One race. P. i. me~ arhvncha
               (murivosae of Gabrielson and Jew\&t, op. cc.), nests on the west
               slope of the Cascades in extreme southern Oregon. Another form,
               P. i. f\&a, occurs on the east slope of the Cascades in southern
               and central Oregon. The third, P. i. schtia-C~ U, occurs in the
               eastern portion of the state. None has been reported on the west
               slope of the Cascades in …",
  journal   = "Condor",
  publisher = "sora.unm.edu",
  year      =  1970
}

@INCOLLECTION{McLaren2007-go,
  title     = "Fox Sparrow",
  booktitle = "Atlas of the Breeding Birds of Ontario",
  author    = "McLaren, M A",
  editor    = "{Cadman} and Sutherland, D A and Beck, G G and Lepage, D and
               Couturier, A R",
  publisher = "Bird Studies Canada. Environment Canada, Ontario Field
               Ornithologists, Ontario Ministry of Natural Resources, and
               Ontario Nature",
  pages     = "558--559",
  year      =  2007,
  address   = "Toronto"
}

@INCOLLECTION{Artuso2018-kd,
  title     = "Fox Sparrow",
  booktitle = "The Atlas of the Breeding Birds of Manitoba",
  author    = "Artuso, C",
  editor    = "Artuso, C and Couturier, A R and De Smet, K D and Koes, R F and
               Lepage, D and McCracken, J and Mooi, R D and Taylor, P",
  abstract  = "Artuso, C. 2018. Fox Sparrow in Artuso, C., A. R. Couturier, K.
               D. De Smet, R. F. Koes, D. Lepage, J. McCracken, R. D. Mooi, and
               P. Taylor (eds.). The Atlas of the Breeding Birds of Manitoba,
               2010-2014. Bird Studies Canada. Winnipeg, Manitoba
               http://www.birdatlas.mb.ca/accounts/speciesaccount.jsp?sp=FOSP\&lang=en
               [26 Jun 2018]",
  publisher = "Bird Studies Canada",
  year      =  2018,
  address   = "Winnipeg, MB"
}

% The entry below contains non-ASCII chars that could not be converted
% to a LaTeX equivalent.
@ARTICLE{Lambert2008-jj,
  title     = "Decline of a new Hampshire Bicknell's thrush population,
               1993--2003",
  author    = "Lambert, J Daniel and King, David I and Buonaccorsi, John P and
               Prout, Leighlan S",
  abstract  = "… While local extirpations may be symptomatic of a declining
               population , they also occur in stable populations as a … It is
               especially difficult to generalize site-based information for
               species, like Bicknell's Thrush , that utilize ephemeral habitat
               patches within a forest type that is …",
  journal   = "Northeastern Naturalist",
  publisher = "BioOne",
  volume    =  15,
  number    =  4,
  pages     = "607--618",
  year      =  2008
}

@BOOK{Venables2002-gt,
  title     = "Modern Applied Statistics with {S}",
  author    = "Venables, W N and Ripley, B D",
  publisher = "Springer",
  year      =  2002,
  address   = "New York",
  keywords  = "Mendeley Import (Mar 07)"
}

@BOOK{Rising1996-sy,
  title     = "A guide to the identification and natural history of the
               sparrows of United States and Canada",
  author    = "Rising, J D",
  publisher = "Academic Press",
  year      =  1996,
  address   = "San Diego"
}

@ARTICLE{Threlfall1982-wd,
  title   = "Breeding biology of the Fox Sparrow in Newfoundland",
  author  = "Threlfall, W and Blacquiere, J R",
  journal = "Journal of Field Ornithology",
  volume  =  53,
  pages   = "235--239",
  year    =  1982
}

@MISC{QGIS_Development_Team2016-iw,
  title  = "{QGIS} Geographic Information System. Open Source Geospatial
            Foundation Project",
  author = "{QGIS Development Team}",
  year   =  2016
}

@ARTICLE{Yank1986-pj,
  title   = "Quebec region",
  author  = "Yank, R and Aubry, Y",
  journal = "American Birds",
  volume  =  40,
  pages   = "1180--1182",
  year    =  1986
}

@ARTICLE{Yank1985-pj,
  title   = "Quebec region",
  author  = "Yank, R and Aubry, Y",
  journal = "American Birds",
  volume  =  39,
  pages   = "889-890",
  year    =  1985
}


@INCOLLECTION{Bisson1996-mp,
  title     = "Fox Sparrow",
  booktitle = "The breeding birds of Qu{\'e}bec: atlas of the breeding birds of
               southern Qu{\'e}bec",
  author    = "Bisson, R{\'e}al and Limoges, Beno{\^\i}t",
  editor    = "Gauthier, Jean and Aubry, Yves",
  publisher = "Association qu{\'e}b{\'e}coise des groupes d'ornithologues,
               Province of Quebec Society for the Protection of Birds, Canadian
               Wildlife Service, Environment Canada, Qu{\'e}bec Region",
  pages     = "998--1001",
  year      =  1996,
  address   = "Montr{\'e}al, QC"
}

@BOOK{Laughlin1985-mn,
  title     = "The atlas of breeding birds of Vermont",
  author    = "Laughlin, S B and Kibbe, D P",
  publisher = "University Press of New England",
  year      =  1985,
  address   = "Hanover, New Hampshire"
}
