@BOOK{Renfrew2013-kx,
  title     = "The second atlas of breeding birds in Vermont",
  author    = "Renfrew, R R",
  publisher = "University Press of New England",
  year      =  2013,
  address   = "Lebanon, NH"
}

@ARTICLE{Gosselin1988-vk,
  title   = "Quebec region",
  author  = "Gosselin, M and Yank, R and Aubry, Y",
  journal = "American Birds",
  volume  =  42,
  pages   = "1270--1272",
  year    =  1988
}

@BOOK{Sibley2000-rs,
  title     = "The Sibley Guide to Birds",
  author    = "Sibley, D A",
  publisher = "Alfred A Knopf, Inc.",
  year      =  2000,
  address   = "New York"
}

@BOOK{Keith2013-gt,
  title     = "The birds of New Hampshire",
  author    = "Keith, A R and Fox, R P",
  publisher = "Nuttall Ornithological Club",
  year      =  2013,
  address   = "Cambridge, MA"
}

@MISC{Weckstein2002-px,
  title        = "Fox Sparrow (Passerella iliaca), version 2.0",
  booktitle    = "The Birds of North America (A. F. Poole and F. B. Gill,
                  Editors). Cornell Lab of Ornithology, Ithaca, {NY}, {USA}.",
  author       = "Weckstein, J D and Kroodsma, D E and Faucett, R C",
  year         =  2002,
  howpublished = "\url{https://doi.org/10.2173/bna.715}"
}

@ARTICLE{King2008-qx,
  title     = "Avian population trends in the vulnerable montane forests of the
               Northern Appalachians, {USA}",
  author    = "King, David I and Lambert, J Daniel and Buonaccorsi, John P and
               Prout, Leighlan S",
  journal   = "Biodiversity Conservation",
  publisher = "Springer",
  volume    =  17,
  number    =  11,
  pages     = "2691--2700",
  month     =  oct,
  year      =  2008
}

@BOOK{Samuels1875-jo,
  title     = "The Birds of New England and adjacent states",
  author    = "Samuels, E A",
  publisher = "Lockwood, Brooks, and Company",
  year      =  1875,
  address   = "Boston, MA"
}

% The entry below contains non-ASCII chars that could not be converted
% to a LaTeX equivalent.
@BOOK{Wright1911-ws,
  title     = "The birds of the Jefferson region in the White Mountains, New
               Hampshire",
  author    = "Wright, Horace Winslow",
  publisher = "Manchester Institute of Arts and Sciences",
  year      =  1911,
  address   = "Manchester, NH"
}

@BOOK{Marshall2003-om,
  title     = "Birds of Oregon: a general reference",
  author    = "Marshall, David B and Hunter, Matthew G and Contreras, Alan",
  publisher = "Oregon State University Press",
  year      =  2003,
  address   = "Corvallis, OR"
}

@BOOK{Foss1994-nl,
  title     = "Atlas of Breeding Birds in New Hampshire",
  author    = "Foss, C R",
  publisher = "Audubon Society of New Hampshire",
  year      =  1994,
  address   = "Concord, NH"
}

@INCOLLECTION{Stewart2015-id,
  title     = "Fox Sparrow",
  booktitle = "Second atlas of breeding birds of the Maritime Provinces",
  author    = "Stewart, Rebecca",
  editor    = "Stewart, Rebecca L M and Bredin, Katherine A and Couturier,
               Andrew R and Horn, Andrew G and Lepage, Denis and Makepeace,
               Scott and Taylor, Philip D and Villard, Marc-Andr{\'e} and
               Whittam, Rebecca M",
  publisher = "Bird Studies Canada, Environment Canada, Natural History Society
               of Prince Edward Island, Nature New Brunswick, New Brunswick
               Department of Natural Resources, Nova Scotia Bird Society, Nova
               Scotia Department of Natural Resources, Prince Edward Island
               Department of Agriculture and Forestry",
  pages     = "472--473",
  year      =  2015,
  address   = "Sackville, NB"
}

@BOOK{Adamus1988-xw,
  title     = "Atlas of Breeding Birds in Maine",
  author    = "Adamus, P R",
  publisher = "Maine Department of Inland Fisheries and Wildlife",
  year      =  1988,
  address   = "Augusta, Maine"
}

@ARTICLE{Petersen1999-kb,
  title   = "New England region",
  author  = "Petersen, W R",
  journal = "American Birds",
  volume  =  53,
  pages   = "363--366",
  year    =  1999
}

@ARTICLE{Petersen2000-kb,
  title   = "New England region",
  author  = "Petersen, W R",
  journal = "American Birds",
  volume  =  54,
  pages   = "358--362",
  year    =  2000
}

@ARTICLE{Petersen1993-kb,
  title   = "New England region",
  author  = "Petersen, W R",
  journal = "American Birds",
  volume  =  47,
  pages   = "1088-1091",
  year    =  1993
}

@ARTICLE{Palmer1949-ig,
  title     = "Maine birds",
  author    = "Palmer, R S",
  journal   = "Bull. Mus. Comp. Zool.",
  publisher = "The Museum",
  volume    =  102,
  pages     = "1--656",
  year      =  1949
}

@BOOK{Forbush1929-pq,
  title     = "Birds of Massachusetts and other New England states",
  author    = "Forbush, E H",
  publisher = "Norwood Press",
  year      =  1929,
  address   = "Norwood, MA"
}

@BOOK{Andrle1988-jk,
  title     = "The atlas of breeding birds in New York State",
  author    = "Andrle, R F and Carroll, J R",
  publisher = "Cornell University Press",
  year      =  1988,
  address   = "Ithaca, New York"
}

@ARTICLE{R_Core_Team2018-cc,
  title    = "R: A language and environment for statistical computing",
  author   = "{R Core Team}",
  abstract = "R Development Core Team (2011). R: A language and environment for
              statistical computing. R Foundation for Statistical Computing,
              Vienna, Austria. ISBN 3-900051-07-0, URL
              http://www.R-project.org/.",
  journal  = "R Foundation for Statistical Computing, Vienna, Austria",
  pages    = "URL http://www.R--project.org/.",
  year     =  2018,
  keywords = "Mendeley Import (Mar 07)"
}

@BOOK{McGowan2008-em,
  title     = "The second atlas of breeding birds in New York State",
  author    = "McGowan, K J and Corwin, K",
  publisher = "Cornell University Press",
  year      =  2008,
  address   = "Ithaca, NY"
}

@MISC{Environment_and_Climate_Change_Canada2017-hp,
  title        = "North American Breeding Bird Survey - Canadian Trends
                  Website, Data-version 2015",
  author       = "{Environment and Climate Change Canada}",
  year         =  2017,
  howpublished = "\url{https://wildlife-species.canada.ca/breeding-bird-survey-results}"
}

% The entry below contains non-ASCII chars that could not be converted
% to a LaTeX equivalent.
@BOOK{Allen1903-xq,
  title     = "A list of the birds of New Hampshire",
  author    = "Allen, Glover Morrill",
  abstract  = "In the following pages an attempt has been made to bring
               together a list of the species of birds known to have occurred
               within the State of New Hampshire during historic times,
               together with a general account of their distribution, faunal
               position, times of migration, and …",
  publisher = "Nature Study Press",
  year      =  1903,
  address   = "Manchester, NH"
}

@BOOK{Fink2017-om,
  title     = "The eBird Reference Dataset, Version 2016",
  author    = "Fink, D and Auer, T and Obregon, F and Hochacka, W and Iliff, M
               and Sullivan, B and Wood, C and Davies, I and Kelling, S",
  publisher = "Cornell Lab of Ornithology",
  year      =  2017,
  address   = "Ithaca, NY"
}

% The entry below contains non-ASCII chars that could not be converted
% to a LaTeX equivalent.
@ARTICLE{Banks1970-rh,
  title     = "The fox sparrow on the west slope of the Oregon Cascades",
  author    = "Banks, R C",
  abstract  = "Fox Sparrows, Passerella iliuca, of three subspecies breed in
               the state of Oregon (Gabrielson and Jewett, Birds of Oregon.
               Oregon State Monogr. 2: 586, 1949). One race. P. i. me~ arhvncha
               (murivosae of Gabrielson and Jew\&t, op. cc.), nests on the west
               slope of the Cascades in extreme southern Oregon. Another form,
               P. i. f\&a, occurs on the east slope of the Cascades in southern
               and central Oregon. The third, P. i. schtia-C~ U, occurs in the
               eastern portion of the state. None has been reported on the west
               slope of the Cascades in …",
  journal   = "Condor",
  publisher = "sora.unm.edu",
  year      =  1970
}

@INCOLLECTION{McLaren2007-go,
  title     = {{Fox Sparrow}},
  booktitle = "Atlas of the Breeding Birds of Ontario",
  author    = "McLaren, M A",
  editor    = "{Cadman} and Sutherland, D A and Beck, G G and Lepage, D and
               Couturier, A R",
  publisher = "Bird Studies Canada. Environment Canada, Ontario Field
               Ornithologists, Ontario Ministry of Natural Resources, and
               Ontario Nature",
  pages     = "558--559",
  year      =  2007,
  address   = "Toronto"
}

@INCOLLECTION{Artuso2018-kd,
  title     = "Fox Sparrow",
  booktitle = "The Atlas of the Breeding Birds of Manitoba",
  author    = "Artuso, C",
  editor    = "Artuso, C and Couturier, A R and De Smet, K D and Koes, R F and
               Lepage, D and McCracken, J and Mooi, R D and Taylor, P",
  abstract  = "Artuso, C. 2018. Fox Sparrow in Artuso, C., A. R. Couturier, K.
               D. De Smet, R. F. Koes, D. Lepage, J. McCracken, R. D. Mooi, and
               P. Taylor (eds.). The Atlas of the Breeding Birds of Manitoba,
               2010-2014. Bird Studies Canada. Winnipeg, Manitoba
               http://www.birdatlas.mb.ca/accounts/speciesaccount.jsp?sp=FOSP\&lang=en
               [26 Jun 2018]",
  publisher = "Bird Studies Canada",
  year      =  2018,
  address   = "Winnipeg, MB"
}

% The entry below contains non-ASCII chars that could not be converted
% to a LaTeX equivalent.
@ARTICLE{Lambert2008-jj,
  title     = "Decline of a new Hampshire Bicknell's thrush population,
               1993--2003",
  author    = "Lambert, J Daniel and King, David I and Buonaccorsi, John P and
               Prout, Leighlan S",
  abstract  = "… While local extirpations may be symptomatic of a declining
               population , they also occur in stable populations as a … It is
               especially difficult to generalize site-based information for
               species, like Bicknell's Thrush , that utilize ephemeral habitat
               patches within a forest type that is …",
  journal   = "Northeastern Naturalist",
  publisher = "BioOne",
  volume    =  15,
  number    =  4,
  pages     = "607--618",
  year      =  2008
}

@BOOK{Venables2002-gt,
  title     = "Modern Applied Statistics with {S}",
  author    = "Venables, W N and Ripley, B D",
  publisher = "Springer",
  year      =  2002,
  address   = "New York",
  keywords  = "Mendeley Import (Mar 07)"
}

@BOOK{Rising1996-sy,
  title     = "A guide to the identification and natural history of the
               sparrows of United States and Canada",
  author    = "Rising, J D",
  publisher = "Academic Press",
  year      =  1996,
  address   = "San Diego"
}

@ARTICLE{Threlfall1982-wd,
  title   = "Breeding biology of the Fox Sparrow in Newfoundland",
  author  = "Threlfall, W and Blacquiere, J R",
  journal = "Journal of Field Ornithology",
  volume  =  53,
  pages   = "235--239",
  year    =  1982
}

@MISC{QGIS_Development_Team2016-iw,
  title  = "{QGIS} Geographic Information System. Open Source Geospatial
            Foundation Project",
  author = "{QGIS Development Team}",
  year   =  2016
}

@ARTICLE{Yank1986-pj,
  title   = "Quebec region",
  author  = "Yank, R and Aubry, Y",
  journal = "American Birds",
  volume  =  40,
  pages   = "1180--1182",
  year    =  1986
}

@ARTICLE{Yank1985-pj,
  title   = "Quebec region",
  author  = "Yank, R and Aubry, Y",
  journal = "American Birds",
  volume  =  39,
  pages   = "889-890",
  year    =  1985
}


@INCOLLECTION{Bisson1996-mp,
  title     = "Fox Sparrow",
  booktitle = "The breeding birds of Qu{\'e}bec: atlas of the breeding birds of
               southern Qu{\'e}bec",
  author    = "Bisson, R{\'e}al and Limoges, Beno{\^\i}t",
  editor    = "Gauthier, Jean and Aubry, Yves",
  publisher = "Association qu{\'e}b{\'e}coise des groupes d'ornithologues,
               Province of Quebec Society for the Protection of Birds, Canadian
               Wildlife Service, Environment Canada, Qu{\'e}bec Region",
  pages     = "998--1001",
  year      =  1996,
  address   = "Montr{\'e}al, QC"
}

@BOOK{Laughlin1985-mn,
  title     = "The atlas of breeding birds of Vermont",
  author    = "Laughlin, S B and Kibbe, D P",
  publisher = "University Press of New England",
  year      =  1985,
  address   = "Hanover, New Hampshire"
}

@ARTICLE{McCormack2012-ny,
  title   = "Region 7-{A}dirondack-{C}hamplain",
  author  = "McCormack, Melanie",
  journal = "Kingbird",
  volume  =  62,
  pages   = "341-345",
  year    =  2012
}

@article{farr2007shuttle,
  title={The shuttle radar topography mission},
  author={Farr, Tom G and Rosen, Paul A and Caro, Edward and Crippen, Robert and Duren, Riley and Hensley, Scott and Kobrick, Michael and Paller, Mimi and Rodriguez, Ernesto and Roth, Ladislav and Seal, David and Shaffer, Scott and Shimada, Joanne and Umland, Jeffrey and Werner, Marian and Oskin, Michael and Burbank, Douglas and Alsdorf, Douglas},
  journal={Reviews of geophysics},
  volume={45},
  number={2},
  pages = "1-33",
  year={2007},
  publisher={Wiley Online Library}
}

@article{stralberg2015projecting,
  title={Projecting boreal bird responses to climate change: the signal exceeds the noise},
  author={Stralberg, D and Matsuoka, SM and Hamann, A and Bayne, EM and S{\'o}lymos, P and Schmiegelow, FKA and Wang, X and Cumming, SG and Song, SJ},
  journal={Ecological Applications},
  volume={25},
  number={1},
  pages={52--69},
  year={2015},
  publisher={Wiley Online Library}
}

@article{pearman2010within,
  title={Within-taxon niche structure: niche conservatism, divergence and predicted effects of climate change},
  author={Pearman, Peter B and D'amen, Manuela and Graham, Catherine H and Thuiller, Wilfried and Zimmermann, Niklaus E},
  journal={Ecography},
  volume={33},
  number={6},
  pages={990--1003},
  year={2010},
  publisher={Wiley Online Library}
}

@article{chen2011rapid,
  title={Rapid range shifts of species associated with high levels of climate warming},
  author={Chen, I-Ching and Hill, Jane K and Ohlem{\"u}ller, Ralf and Roy, David B and Thomas, Chris D},
  journal={Science},
  volume={333},
  number={6045},
  pages={1024--1026},
  year={2011},
  publisher={American Association for the Advancement of Science}
}

@article{lenoir2010going,
  title={Going against the flow: potential mechanisms for unexpected downslope range shifts in a warming climate},
  author={Lenoir, Jonathan and G{\'e}gout, Jean-Claude and Guisan, Antoine and Vittoz, Pascal and Wohlgemuth, Thomas and Zimmermann, Niklaus E and Dullinger, Stefan and Pauli, Harald and Willner, Wolfgang and Svenning, Jens-Christian},
  journal={Ecography},
  volume={33},
  number={2},
  pages={295--303},
  year={2010},
  publisher={Wiley Online Library}
}

@article{tingley2012push,
  title={The push and pull of climate change causes heterogeneous shifts in avian elevational ranges},
  author={Tingley, Morgan W and Koo, Michelle S and Moritz, Craig and Rush, Andrew C and Beissinger, Steven R},
  journal={Global Change Biology},
  volume={18},
  number={11},
  pages={3279--3290},
  year={2012},
  publisher={Wiley Online Library}
}

@article{zuckerberg2009poleward,
  title={Poleward shifts in breeding bird distributions in New York State},
  author={Zuckerberg, Benjamin and Woods, Anne M and Porter, William F},
  journal={Global Change Biology},
  volume={15},
  number={8},
  pages={1866--1883},
  year={2009},
  publisher={Wiley Online Library}
}

@article{parmesan2003globally,
  title={A globally coherent fingerprint of climate change impacts across natural systems},
  author={Parmesan, Camille and Yohe, Gary},
  journal={Nature},
  volume={421},
  number={6918},
  pages={37},
  year={2003},
  publisher={Nature Publishing Group}
}

@BOOK{wuebbles2017climate,
  title= {Climate Science Special Report: Fourth National Climate Assessment, Volume I},
  author={Wuebbles, DJ and Fahey, DW and Hibbard, KA and Dokken, BC and Stewart, BC and Maycock, TK},
  address ={Washington, DC},
  publisher = {U.S. Global Change Research Program},
  pages={470},
  year={2017}
}

@article{bateman2016potential,
  title={Potential breeding distributions of US birds predicted with both short-term variability and long-term average climate data},
  author={Bateman, Brooke L and Pidgeon, Anna M and Radeloff, Volker C and Flather, Curtis H and VanDerWal, Jeremy and Ak{\c{c}}akaya, H Resit and Thogmartin, Wayne E and Albright, Thomas P and Vavrus, Stephen J and Heglund, Patricia J},
  journal={Ecological Applications},
  volume={26},
  number={8},
  pages={2720--2731},
  year={2016},
  publisher={Wiley Online Library}
}

@article{thompson2016winners,
  title={When winners become losers: predicted nonlinear responses of arctic birds to increasing woody vegetation},
  author={Thompson, Sarah J and Handel, Colleen M and Richardson, Rachel M and McNew, Lance B},
  journal={PloS one},
  volume={11},
  number={11},
  pages={e0164755},
  year={2016},
  publisher={Public Library of Science}
}

@article{whitaker2017expanded,
  title={Expanded range limits of boreal birds in the Torngat Mountains of Northern Labrador},
  author={Whitaker, Darroch},
  journal={Canadian Field-Naturalist},
  volume={131},
  pages={55--62},
  year={2017}
}

@article{butler2017forests,
  title={{Forests of Maine, 2016}},
  author={Butler, Brett J},
  journal={Resource Update FS-128. Newtown Square, PA: US Department of Agriculture, Forest Service, Northern Research Station. 4 p.},
  volume={128},
  pages={1--4},
  year={2017}
}

@article{morin2017forests,
  title={{Forests of New Hampshire, 2016}},
  author={Morin, Randall S and Lombard, Kyle},
  journal={Resource Update FS-124. Newtown Square, PA: US Department of Agriculture, Forest Service, Northern Research Station. 4 p.},
  volume={124},
  pages={1--4},
  year={2017}
}

@article{mccaskill2016maine,
  title={{Maine Forests 2013}},
  author={McCaskill, George L and Albright, Thomas and Barnett, Charles J and Butler, Brett J and Crocker, Susan J and Kurtz, Cassandra M and McWilliams, William H and Miles, Patrick D and Morin, Randall S and Nelson, Mark D and Widmann, Richard H and Woodall, Christopher W},
  journal={Resour. Bull. NRS-103. Newtown Square, PA: US Department of Agriculture, Forest Service, Northern Research Station. 103 p.},
  volume={103},
  pages={1--103},
  year={2016}
}

@article{mcwilliams2005forests,
  title={{The forests of Maine: 2003}},
  author={McWilliams, William H and Butler, Brett J and Caldwell, Laurence E and Griffith, Douglas M and Hoppus, Michael L and Laustsen, Kenneth M and Lister, Andrew J and Lister, Tonya W and Metzler, Jacob W and Morin, Randall S and Sader, Steven A and Stewart, Lucretia B and Steinman, James R and Westfall, James A and Williams, David A and Whitman, Andrew and Woodall, Christopher W},
  journal={Resour. Bull. NE-164. Newtown Square, PA: US Department of Agriculture, Forest Service, Northeastern Research Station. 188 p.},
  volume={164},
  year={2005}
}

@article{sullivan2009ebird,
  title={eBird: A citizen-based bird observation network in the biological sciences},
  author={Sullivan, Brian L and Wood, Christopher L and Iliff, Marshall J and Bonney, Rick E and Fink, Daniel and Kelling, Steve},
  journal={Biological Conservation},
  volume={142},
  number={10},
  pages={2282--2292},
  year={2009},
  publisher={Elsevier}
}

@article{hitch2007breeding,
  title={Breeding distributions of North American bird species moving north as a result of climate change},
  author={Hitch, Alan T and Leberg, Paul L},
  journal={Conservation Biology},
  volume={21},
  number={2},
  pages={534--539},
  year={2007},
  publisher={Wiley Online Library}
}

@MISC{Hunt1998-px,
  title        = {{Yellow-rumped Warbler (Setophaga coronata), version 2.0}},
  booktitle    = "The Birds of North America (A. F. Poole and F. B. Gill,
                  Editors). Cornell Lab of Ornithology, Ithaca, {NY}, {USA}.",
  author       = "Hunt, P D and Flashpoler, D J",
  year         =  1998,
  howpublished = "\url{https://doi.org/10.2173/bna.376}"
}

@MISC{Pitocchelli2011-px,
  title        = {{Mourning Warbler (Geothlypis philadelphia), version 2.0}},
  booktitle    = "The Birds of North America (A. F. Poole and F. B. Gill,
                  Editors). Cornell Lab of Ornithology, Ithaca, {NY}, {USA}.",
  author       = "Pitocchelli, J",
  year         =  2011,
  howpublished = "\url{https://doi.org/10.2173/bna.72}"
}

@MISC{lowther1999-px,
  title        = "Alder Flycatcher (Empidonax alnorum), version 2.0",
  booktitle    = "The Birds of North America (A. F. Poole and F. B. Gill,
                  Editors). Cornell Lab of Ornithology, Ithaca, {NY}, {USA}.",
  author       = "Lowther, P E",
  year         =  1999,
  howpublished = "\url{https://doi.org/10.2173/bna.446}"
}

@MISC{birdlife2014bird,
  author = {{BirdLife International and NatureServe}},
  publisher = {{BirdLife International and NatureServe}},
  title= {{Bird species distribution maps of the world. BirdLife International and NatureServe, Cambridge, UK, and Arlington, USA}},
  address={Cambridge, UK and Arlington, USA},
  year={2014}
}